<?xml version="1.0" encoding="UTF-8"?><record xmlns="http://www.loc.gov/MARC21/slim" xmlns:cinclude="http://apache.org/cocoon/include/1.0" xmlns:zs="http://www.loc.gov/zing/srw/">
  <leader>00606cz  a2200145n  4500</leader>
  <controlfield tag="001">n  84216344 </controlfield>
  <controlfield tag="003">DLC</controlfield>
  <controlfield tag="005">20060209153503.0</controlfield>
  <controlfield tag="008">850109n| acannaab           |n aaa      </controlfield>
  <datafield tag="010" ind1=" " ind2=" ">
    <subfield code="a">n  84216344 </subfield>
  </datafield>
  <datafield tag="040" ind1=" " ind2=" ">
    <subfield code="a">DLC</subfield>
    <subfield code="c">DLC</subfield>
    <subfield code="d">DLC</subfield>
  </datafield>
  <datafield tag="100" ind1="1" ind2=" ">
    <subfield code="a">Hochstetter, Johann Heinrich</subfield>
  </datafield>
  <datafield tag="670" ind1=" " ind2=" ">
    <subfield code="a">Württemberg (Duchy). Extract der hoch-fürstlichen würtembergischen General-Rescripten ... 1755</subfield>
    <subfield code="b">(not named)</subfield>
  </datafield>
  <datafield tag="670" ind1=" " ind2=" ">
    <subfield code="a">LC manual cat.</subfield>
    <subfield code="b">(hdg.: Hochstetter, Johann Heinrich)</subfield>
  </datafield>
  <datafield tag="670" ind1=" " ind2=" ">
    <subfield code="a">Deutscher Gesamtkat.:</subfield>
    <subfield code="b">v. 5, column 126 (Hochstetter, Johann Heinrich; ref. from Annotationes ad Ius provinciale Wurtembergicum ... 1735)</subfield>
  </datafield>
</record>